%-----------------------------------------%
% Strings: conference names               %
%-----------------------------------------%
@string{ACM    = "ACM"}
@string{AMAST  = "AMAST"}
@string{ASIAN  = "ASIAN"}
@string{APLAS  = "Asian Conference on Programming Languages And Systems
                  (APLAS)"}
@string{CAV    = "Conference on Computer Aided Verification (CAV)"}
@string{CC     = "CC"}
@string{ECOOP  = "European Conference on Object Oriented Programming (ECOOP)"}
@string{EMSOFT = "EMSOFT"}
@string{ENTCS  = "ENTCS"}
@string{ESOP   = "ESOP"}
@string{FMICS  = "FMICS"}
@string{FOSSACS = "FoSSaCS"}
@string{FMSD   = "FMSD"}
@string{ICALP  = "ICALP"}
@string{LCTES  = "LCTES"}
@string{LICS   = "Symposium on Logics In Computer Science (LICS)"}
@string{PEPM   = "PEPM"}
@string{PLDI   = "PLDI"}
@string{PLILP  = "PLILP"}
@string{POPL   = "Symposium on Principles of Programming Languages (POPL)"}
@string{SAS    = "Static Analysis Symposium (SAS)"}
@string{TACAS  = "Conference on Tools and Algorithms for the Construction
                  and Analysis of Systems (TACAS)"}
@string{TASE   = "TASE"}
@string{TLCA   = "TLCA"}
@string{TOPLAS = "ACM Transactions on Programming Languages and Systems
                  (TOPLAS)"}
@string{VMCAI  = "Conference on Verification, Model Checking,
 and Abstract Interpretation (VMCAI)"}
@string{LNCS   = "Lecture Notes in Computer Science"}

%-----------------------------------------%
% References (chrono order)               %
%-----------------------------------------%
@inproceedings{cc:popl:77,
  author    = {Cousot, Patrick and Cousot, Radhia},
  title     = {Abstract Interpretation: A Unified Lattice Model for Static
               Analysis of Programs by Construction or Approximation of
               Fixpoints},
  booktitle = POPL,
  year      = {1977},
  OPTpages     = {238-252},
  OPTbibsource = {DBLP, http://dblp.uni-trier.de}
}
@inproceedings{r:lics:02,
  author    = {Reynolds, John},
  title     = {Separation Logic: A Logic for Shared Mutable Data Structures},
  booktitle = LICS,
  year      = {2002},
  publisher = {IEEE},
  pages     = {55--74},
  OPTcrossref  = {DBLP:conf/lics/2002},
  OPTbibsource = {DBLP, http://dblp.uni-trier.de}
}
@inproceedings{ab:ecoop:13,
  author    = {Cox, Arlen and Chang, Bor-Yuh Evan and Sankaranarayanan, Sriram},
  title     = {QUIC Graphs: Relational Invariant Generation for Containers},
  booktitle = ECOOP,
  year      = {2013},
  pages     = {401-425},
  OPTbibsource = {DBLP, http://dblp.uni-trier.de}
}
@inproceedings{hoo:14:sas,
  author    = {Cox, Arlen and Chang, Bor-Yuh Evan and Rival, Xavier},
  title     = {Automatic Analysis of Open Objects in Dynamic Language Programs},
  booktitle = SAS,
  year      = {2014},
  pages     = {134--150},
  OPTbibsource = {DBLP, http://dblp.uni-trier.de}
}
@inproceedings{memcad:15:sas,
  author    = {Li, Huisong and Chang, Bor-Yuh Evan and Rival, Xavier},
  title     = {Shape Analysis for Unstructured Sharing},
  booktitle = SAS,
  year      = {2015},
  OPTpages     = {?--?},
  OPTbibsource = {DBLP, http://dblp.uni-trier.de}
}
